% Real
@misc{validate,
author = "{The Qt Company Ltd}",
year = {2021},
title = "{QDoubleValidator Class | Qt GUI 5.15.4}",
url = {https://doc.qt.io/qt-5/qdoublevalidator.html#validate}
}

@misc{pixmap,
author = "{The Qt Company Ltd}",
year = {2021},
title = "{QPixmap Class | Qt GUI 5.15.5}",
url = {https://doc.qt.io/qt-5/qpixmap.html#details}
}

@inproceedings{strassenComplexity,
author = {Huss-Lederman, Steven and Jacobson, Elaine M. and Tsao, Anna and Turnbull, Thomas and Johnson, Jeremy R.},
title = "{Implementation of Strassen's Algorithm for Matrix Multiplication}",
year = {1996},
isbn = {0897918541},
publisher = {IEEE Computer Society},
address = {USA},
url = {https://doi.org/10.1145/369028.369096},
doi = {10.1145/369028.369096},
booktitle = "{Proceedings of the 1996 ACM/IEEE Conference on Supercomputing}",
pages = {32–es},
keywords = {Winograd variant, Level 3 BLAS, matrix multiplication, Strassen's algorithm},
location = {Pittsburgh, Pennsylvania, USA},
series = {Supercomputing '96}
}

@misc{posDef,
author = {Viswanathan, Mathuranathan},
publisher = "{GaussianWaves}",
year = {2013},
title = "{Tests for Positive Definiteness of a Matrix}",
url = {https://www.gaussianwaves.com/2013/04/tests-for-positive-definiteness-of-a-matrix/}
}

@inproceedings{Limanta2016EfficientlyCT,
title="{Efficiently Calculating the Determinant of a Matrix}",
author={Felix Limanta},
year="{2016}"
}

@book{lucomplexity,
title     = "{Introduction to Numerical Analysis}",
author    = {Stoer, Josef and Bulirsch, Roland},
year      = {1974},
publisher = "{Springer}",
}

@misc{flask,
author = {Ronacher, Armin},
year = {2010},
title = "{Welcome to Flash}",
url = {https://flask.palletsprojects.com/en/2.0.x/}
}

@misc{bottle,
author = {Hellkamp, Marcel},
year = {2021},
title = "{Bottle: Python Web Framework}",
url = {https://flask.palletsprojects.com/en/2.0.x/}
}

@inproceedings{strassen,
title="{Analysis of the Time Complexity of Strassen Algorithm}",
author={Xiang Wang},
year={2013},
booktitle="{Proceedings of the 2013 International Conference on Software Engineering and Computer Science}",
pages={103-106},
issn={1951-6851},
isbn={978-90786-77-82-6},
url={https://doi.org/10.2991/icsecs-13.2013.21},
doi={10.2991/icsecs-13.2013.21},
publisher="{Atlantis Press}"
}

@mastersthesis{cryptography,
author = {Ajaeb Elfadel},
institution = {Eastern Mediterranean University},
pages = {60},
school = {Eastern Mediterranean University},
title = "{Cryptography by Means of Linear Algebra and Number Theory}",
year = {2014}
}

@article{search,
author = {Langville, Amy and Meyer, Carl},
year = {2004},
month = {01},
title = "{The Use of the Linear Algebra by Web Search Engines}",
volume = {33},
journal = "{IMAGE Newsletter}",
URL = {https://www.researchgate.net/publication/248055964_The_Use_of_the_Linear_Algebra_by_Web_Search_Engines}
}

@article{enigma,
author = {Porter E. {Coggins III} and Tim Glatzer},
title = "{An Algorithm for a Matrix-Based Enigma Encoder from a Variation of the Hill Cipher as an Application of 2 × 2 Matrices}",
journal = "{PRIMUS}",
volume = {30},
number = {1},
pages = {1-18},
year  = {2020},
publisher = "{Taylor & Francis}",
doi = {10.1080/10511970.2018.1493010},
URL = {https://doi.org/10.1080/10511970.2018.1493010},
}

@mastersthesis{internet,
author = {Martin Löfberg and Patrik Molin},
institution = {School of Engineering},
pages = {40},
school = {Blekinge Institute of Technology},
title = "{Web vs. Standalone Application - A Maintenance Application for Business Intelligence}",
year = {2005}
}

@misc{maple,
author = {Maplesoft},
year = {2021},
title = "{Maple Student Edition: Math Software for Students}",
url = {https://www.maplesoft.com/products/Maple/students/}
}

@article{4653208,
author={Gray, Michael A.},
journal="{Computing in Science & Engineering}",
title="{Sage: A New Mathematics Software System}",
year={2008},
volume={10},
number={6},
pages={72-75},
doi={10.1109/MCSE.2008.154}
}

@InProceedings{10.1007/3-540-44860-8_73,
author="Aladjev, Victor",
editor="Sloot, Peter M. A.
and Abramson, David
and Bogdanov, Alexander V.
and Dongarra, Jack J.
and Zomaya, Albert Y.
and Gorbachev, Yuriy E.",
title="Computer Algebra System Maple: A New Software Library",
booktitle="Computational Science --- ICCS 2003",
year="2003",
publisher="Springer Berlin Heidelberg",
address="Berlin, Heidelberg",
pages="711--717",
isbn="978-3-540-44860-0"
}

@article{10.2307/2005828,
ISSN = {00255718, 10886842},
URL = {http://www.jstor.org/stable/2005828},
author = {James R. Bunch and John E. Hopcroft},
journal = "{Mathematics of Computation}",
number = {125},
pages = {231--236},
publisher = {American Mathematical Society},
title = "{Triangular Factorization and Inversion by Fast Matrix Multiplication}",
volume = {28},
year = {1974}
}

@misc{palette,
title="{Overview of Palettes}",
url={https://www.maplesoft.com/support/help/Maple/view.aspx?path=worksheet/expressions/palettes},
author={Maplesoft},
journal="{Maplesoft.com}",
year={2021}
}

@article{colour,
title="{Colour in Learning: It's Effect on the Retention Rate of Graduate Students}",
author={Oluwakemi Olurinola and Omoniyi Tayo},
journal="{Journal of Education and Practice}",
year={2015},
volume={6},
pages={1-5}
}

@misc{eigentutor,
title="{EigenvaluesTutor}",
url={https://www.maplesoft.com/support/help/Maple/view.aspx?path=Student%2fLinearAlgebra%2fEigenvaluesTutor},
author={Maplesoft},
journal="{Maplesoft.com}",
year={2021}
}

@InProceedings{reduce40,
title = "{REDUCE: The First Forty Years}",
author = {Hearn,A.C.},
booktitle = "{Proceedings A3L}",
publisher= "{Books on Demand GmbH}",
editor = {A. Dolzmann, A. Seidl, T. Sturm},
url = {reduce-algebra.com/reduce40.pdf},
year = {2005},
pages = {19-24},
keywords = {REDUCE}
}

@misc{linalg,
title="{LINALG: Linear algebra package}",
url={https://reduce-algebra.sourceforge.io/manual/manualse132.html},
author={REDUCE},
journal="{Reduce-algebra.sourceforge.io}",
year={2021}
}

@article{lisp,
author = {Marti, Jed and Hearn, Anthony and Griss, Martin and Griss, C.},
year = {1979},
month = {10},
pages = {23-43},
title = "{Standard LISP report}",
journal = "{ACM SIGSAM Bulletin}",
doi = {10.1145/1089212.1089218}
}

@book{lispbook,
author = {McCarthy, John and Abrahams, Paul W. and Edwards, Daniel J. and Hart, Timothy P. and Levin, Michael I.},
title = "{LISP 1.5 Programmer's Manual}",
publisher = "{The MIT Press}",
year = {1962},
month = {08},
isbn = {9780262287722},
doi = {10.7551/mitpress/5619.001.0001},
url = {https://doi.org/10.7551/mitpress/5619.001.0001},
}

@misc{reduce,
author = {Anthony C. Hearn},
year = {2021},
title = "{REDUCE Computer Algebra System}",
url = {https://reduce-algebra.sourceforge.io/}
}

@misc{sagemath,
title="{SageMath - Open-Source Mathematical Software System}",
url={https://www.sagemath.org/},
author={SageMath},
journal="{SageMath Mathematical Software System}",
year={2021}
}

@misc{collab,
title="{About collaborators}",
url={https://doc.cocalc.com/project-settings.html#about-collaborators},
author={SageMath},
journal="{Doc.cocalc.com}",
year={2021}
}

@misc{timetravel,
title="{Time Travel}",
url={https://doc.cocalc.com/time-travel.html},
author={SageMath},
journal="{Doc.cocalc.com}",
year={2021}
}

@misc{strassencocalc,
title="{Generic Asymptotically Fast Strassen Algorithms}",
url={https://share.cocalc.com/share/41e1ec66b43cb0745f8f64d383717a7a01043c68/sage-6.8/src/doc/output/html/en/reference/matrices/sage/matrix/strassen.html#module-sage.matrix.strassen},
author={SageMath},
journal="{Share.cocalc.com}",
year={2021}
}

@inproceedings{sagebook,
author={Szabó, P. and Galanda, J.},
booktitle="{2017 15th International Conference on Emerging eLearning Technologies and Applications (ICETA)}",
title="{Sage math for education and research}",
year={2017},
pages={1-4},
doi={10.1109/ICETA.2017.8102535}
}

@misc{matlab_linear,
title="{MATLAB - Linear Algebra}",
url={https://uk.mathworks.com/help/symbolic/linear-algebra.html},
author={MathWorks},
journal="{Uk.mathworks.com}",
year={2021}
}

@misc{matlabweb,
title="{MATLAB}",
url={https://uk.mathworks.com/products/matlab.html},
author={MathWorks},
journal="{Uk.mathworks.com}",
year={2021}
}

@misc{smt,
title="{Symbolic Math Toolbox - MATLAB}",
url={https://uk.mathworks.com/products/symbolic.html},
author={MathWorks},
journal="{Uk.mathworks.com}",
year={2021}
}

@inproceedings{matlab,
title="{Teaching Elementary Linear Algebra Using Matlab: An Initial Investigation}",
author={Xiaoxu Han},
year = {2009},
month = {01},
url={https://www.semanticscholar.org/paper/Teaching-Elementary-Linear-Algebra-Using-Matlab%3A-An-Han/6398db596e73e1ab09897b37a23f4d5927a12e3b}
}

@book{Kleiner2007,
author="Kleiner, Israel",
editor="Kleiner, Israel",
title="{History of Linear Algebra}",
bookTitle="{A History of Abstract Algebra}",
year="2007",
publisher="Birkh{\"a}user Boston",
address="Boston, MA",
pages="79--89",
isbn="978-0-8176-4685-1",
doi="10.1007/978-0-8176-4685-1_5",
url="https://doi.org/10.1007/978-0-8176-4685-1_5"
}

@article{teacher,
author = {Kendal, Margaret and Stacey, Kaye},
year = {2001},
month = {01},
pages = {143-165},
title = "{The Impact of Teacher Privileging on Learning Differentiation with Technology}",
journal = "{International Journal of Computers for Mathematical Learning}",
doi = {10.1023/A:1017986520658}
}

@misc{2014uk,
title="{Pupils begin 'tough' new national curriculum}",
url={https://www.bbc.co.uk/news/education-28987787},
author={BBC},
journal="{BBC News}",
year={2021}
}

@book{Thomas2004,
author="Thomas, Michael O. J.
and Monaghan, John
and Pierce, Robyn",
editor="Stacey, Kaye
and Chick, Helen
and Kendal, Margaret",
title="{Computer Algebra Systems and Algebra: Curriculum, Assessment, Teaching, and Learning}",
bookTitle="{The Future of the Teaching and Learning of Algebra The 12th {ICMI} Study}",
year="2004",
publisher="{Springer Netherlands}",
address="Dordrecht",
pages="153--186",
isbn="978-1-4020-8131-6",
doi="10.1007/1-4020-8131-6_7",
url="https://doi.org/10.1007/1-4020-8131-6_7"
}

@article{biernat1,
author = {Biernat, Martin J.},
title = "{Teaching Tools for Data Structures and Algorithms}",
year = {1993},
issue_date = {Dec. 1993},
publisher = "{Association for Computing Machinery}",
address = {New York, NY, USA},
volume = {25},
number = {4},
issn = {0097-8418},
url = {https://doi.org/10.1145/164205.164211},
doi = {10.1145/164205.164211},
journal = "{SIGCSE Bull.}",
month = Dec,
pages = {9–12},
numpages = {4}
}

@article{harel1,
author = {Guershon Harel},
title = "{Two Dual Assertions: The First on Learning and the Second on Teaching (or Vice Versa)}",
journal = "{The American Mathematical Monthly}",
volume = {105},
number = {6},
pages = {497-507},
year  = {1998},
publisher = "{Taylor & Francis}",
doi = {10.1080/00029890.1998.12004918},
URL = {https://doi.org/10.1080/00029890.1998.12004918}
}

@article{creativity,
author = {Yongjun Dan},
title ="{Examining the relationships between learning interest, flow, and creativity}",
journal = "{School Psychology International}",
volume = {42},
number = {2},
pages = {157-169},
year = {2021},
doi = {10.1177/0143034320983399},
URL = {https://doi.org/10.1177/0143034320983399},
}

@article{bio,
author = {Foster, Elvis},
year = {2014},
month = {12},
title = "{A COMPARITIVE ANALYSIS OF THE C++, JAVA, AND PYTHON LANGUAGES}",
}

@inproceedings{bioinfo,
author = {Fourment, Mathieu and Gillings, Michael},
year = {2008},
month = {02},
pages = {82},
title = "{A comparison of common programming languages used in bioinformatics}",
volume = {9},
journal = "{BMC Bioinformatics}",
doi = {10.1186/1471-2105-9-82}
}

@article{sympy,
author = {Meurer, Aaron and Smith, Christopher and Paprocki, Mateusz and Čertík, Ondřej and Kirpichev, Sergey and Rocklin, Matthew and Kumar, AMiT and Ivanov, Sergiu and Moore, Jason and Singh, Sartaj and Rathnayake, Thilina and Vig, Sean and Granger, Brian and Muller, Richard and Bonazzi, Francesco and Gupta, Harsh and Vats, Shivam and Johansson, Fredrik and Pedregosa, Fabian and Scopatz, Anthony},
year = {2017},
month = {01},
pages = {103},
title = "{SymPy: Symbolic computing in Python}",
journal = "{PeerJ Computer Science}",
doi = {10.7717/peerj-cs.103}
}

@misc{apachelinear,
title="{Math – The Commons Math User Guide - Linear Algebra}",
url={https://commons.apache.org/proper/commons-math/userguide/linear.html},
author="{Apache Software Foundation}",
journal="{Commons.apache.org}",
year={2021}
}

@misc{jamadoc,
title="{JAMA Documentation}",
url={https://math.nist.gov/javanumerics/jama/doc/},
author={NIST},
journal="{Math.nist.gov}",
year={2012}
}

@misc{awt,
title="{AWT Documentation}",
url={https://docs.oracle.com/javase/7/docs/api/java/awt/package-summary.html},
journal="{Docs.oracle.com}",
author={Oracle},
year={2020}
}

@misc{swingvsawt,
title="{Difference between AWT vs Swing}",
url={https://www.educba.com/awt-vs-swing/},
journal="{EDUCBA}",
author={Pedamkar, Priya},
year={2020}
}

@misc{swtvsswing,
title="{Is SWT better than Swing?}",
url={https://wiki.eclipse.org/FAQ_Is_SWT_better_than_Swing%3F},
journal="{Wiki.eclipse.org}",
author={Schroeder, Alex},
year={2010}
}

@misc{swt,
title="{SWT: The Standard Widget Toolkit}",
url={https://www.eclipse.org/swt/},
journal="{Eclipse.org}",
author="{Eclipse Foundation}",
year={2021}
}

@misc{swt_widgets,
title="{SWT Widgets Documentation}",
url={https://help.eclipse.org/2021-03/index.jsp?topic=/org.eclipse.platform.doc.isv/reference/api/org/eclipse/swt/widgets/package-summary.html},
author="{Eclipse Foundation}",
journal="{Help.eclipse.org}",
year={2020}
}

@misc{tk,
title="{Graphical User Interfaces with Tk}",
url={https://docs.python.org/3/library/tk.html},
author="{Python Software Foundation}",
journal={Docs.python.org},
year={2021}
}

@inproceedings{tkinter,
author       = {D.B. Beniz and A.M. Espindola},
title        = "{Using Tkinter of Python to Create Graphical User Interface (GUI) for Scripts in LNLS}",
booktitle    = "{Proc. of International Workshop on Personal Computers and Particle Accelerator Controls (PCaPAC'16), Campinas, Brazil, October 25-28, 2016}",
pages        = {56--58},
paper        = {WEPOPRPO25},
venue        = {Campinas, Brazil},
series       = {International Workshop on Personal Computers and Particle Accelerator Controls},
number       = {11},
publisher    = {JACoW},
address      = {Geneva, Switzerland},
month        = {Sep.},
year         = {2017},
isbn         = {978-3-95450-189-2},
doi          = {10.18429/JACoW-PCaPAC2016-WEPOPRPO25},
url          = {http://jacow.org/pcapac2016/papers/wepoprpo25.pdf},
}

@misc{pyqtvstk,
title="{Python GUI – PyQt VS TKinter}",
url={https://www.geeksforgeeks.org/python-gui-pyqt-vs-tkinter/},
author="{GeeksforGeeks}",
journal={GeeksforGeeks},
year={2021}
}

@book{pyqtPy,
title = "{Rapid GUI Programming with Python and Qt: The Definitive Guide to PyQt Programming}",
author = {Summerfield, Mark},
year = {2007},
publisher = "{Pearson}",
isbn = {9780132354189}
}

@misc{qt_code,
title="{Using a Designer UI File in Your Qt for Python Application - Converting the Form to Python Code}",
url={https://doc.qt.io/qt-5/designer-using-a-ui-file-python.html},
author="{The Qt Company Ltd}",
journal="{Doc.qt.io}",
year={2021}
}

@misc{codersl,
title="{PyQt vs Tkinter – The better GUI library}",
url={https://coderslegacy.com/pyqt-vs-tkinter/},
author={Siddiqi},
journal="{CodersLegacy}",
year={2021}
}

@article{oil,
doi = {10.1371/journal.pone.0162362},
author = {Du, Ruijin AND Dong, Gaogao AND Tian, Lixin AND Wang, Minggang AND Fang, Guochang AND Shao, Shuai},
journal = "{PLOS ONE}",
publisher = "{Public Library of Science}",
title = "{Spatiotemporal Dynamics and Fitness Analysis of Global Oil Market: Based on Complex Network}",
year = {2016},
month = {10},
volume = {11},
url = {https://doi.org/10.1371/journal.pone.0162362},
pages = {1-17},
number = {10}
}

@article{QR,
author = {Watkins, David S.},
title = "{The QR Algorithm Revisited}",
journal = "{SIAM Review}",
volume = {50},
number = {1},
pages = {133-145},
year = {2008},
doi = {10.1137/060659454},
URL = {https://doi.org/10.1137/060659454}
}